<record><leader>00000cas a22000007a 4500</leader><controlfield tag="001">11177301</controlfield><controlfield tag="008">840920d18741876inuwr ne      0    0eng d</controlfield><datafield ind1=" " ind2=" " tag="010"><subfield code="a">sn 84038020 </subfield></datafield><datafield ind1=" " ind2=" " tag="040"><subfield code="a">NPX</subfield><subfield code="b">eng</subfield><subfield code="c">NPX</subfield><subfield code="d">NPI</subfield><subfield code="d">IUL</subfield><subfield code="d">OCLCF</subfield></datafield><datafield ind1="1" ind2=" " tag="029"><subfield code="a">AU@</subfield><subfield code="b">000025817774</subfield></datafield><datafield ind1=" " ind2=" " tag="042"><subfield code="a">msc</subfield></datafield><datafield ind1=" " ind2=" " tag="043"><subfield code="a">n-us-in</subfield></datafield><datafield ind1="0" ind2=" " tag="130"><subfield code="a">Saturday news (Rising Sun, Ind. : 1874)</subfield></datafield><datafield ind1="0" ind2="4" tag="245"><subfield code="a">The Saturday news.</subfield></datafield><datafield ind1=" " ind2=" " tag="260"><subfield code="a">Rising Sun, Ind. :</subfield><subfield code="b">[D.W. Calvert],</subfield><subfield code="c">1874-1876.</subfield></datafield><datafield ind1=" " ind2=" " tag="300"><subfield code="a">2 volumes ;</subfield><subfield code="c">56 cm.</subfield></datafield><datafield ind1=" " ind2=" " tag="310"><subfield code="a">Weekly</subfield></datafield><datafield ind1="0" ind2=" " tag="362"><subfield code="a">Vol. 1, no. 1 (Oct. 17, 1874)-v. 2, no. 40 (July 22, 1876).</subfield></datafield><datafield ind1=" " ind2=" " tag="500"><subfield code="a">Publisher's name recorded in Miller, J.W.  Ind. newspaper bibl.</subfield></datafield><datafield ind1=" " ind2=" " tag="500"><subfield code="a">"Independent." Cf. Miller, J.W.  Ind. newspaper bibl.</subfield></datafield><datafield ind1=" " ind2="0" tag="651"><subfield code="a">Rising Sun (Ind.)</subfield><subfield code="v">Newspapers.</subfield></datafield><datafield ind1=" " ind2="0" tag="651"><subfield code="a">Ohio County (Ind.)</subfield><subfield code="v">Newspapers.</subfield></datafield><datafield ind1=" " ind2="7" tag="651"><subfield code="a">Indiana</subfield><subfield code="z">Ohio County.</subfield><subfield code="2">fast</subfield><subfield code="0">(OCoLC)fst01215239</subfield></datafield><datafield ind1=" " ind2="7" tag="651"><subfield code="a">Indiana</subfield><subfield code="z">Rising Sun.</subfield><subfield code="2">fast</subfield><subfield code="0">(OCoLC)fst01257705</subfield></datafield><datafield ind1=" " ind2="7" tag="655"><subfield code="a">Newspapers.</subfield><subfield code="2">fast</subfield><subfield code="0">(OCoLC)fst01423814</subfield></datafield><datafield ind1=" " ind2=" " tag="752"><subfield code="a">United States</subfield><subfield code="b">Indiana</subfield><subfield code="c">Ohio</subfield><subfield code="d">Rising Sun.</subfield></datafield><datafield ind1="0" ind2="0" tag="785"><subfield code="t">Rising Sun news</subfield><subfield code="w">(DLC)sn 85047678</subfield><subfield code="w">(OCoLC)11660247</subfield></datafield></record>